@article{franke2012evolutionary,
  title={Evolutionary accessibility in tunably rugged fitness landscapes},
  author={Franke, Jasper and Krug, Joachim},
  journal={Journal of Statistical Physics},
  volume={148},
  number={4},
  pages={706--723},
  year={2012},
  publisher={Springer}
}

@article{szendro2013quantitative,
  title={Quantitative analyses of empirical fitness landscapes},
  author={Szendro, Ivan G and Schenk, Martijn F and Franke, Jasper and Krug, Joachim and de Visser, J Arjan GM},
  journal={Journal of Statistical Mechanics: Theory and Experiment},
  volume={2013},
  number={01},
  pages={P01005},
  year={2013},
  publisher={IOP Publishing}
}

@article{cheng2009input,
  title={Input-state approach to Boolean networks},
  author={Cheng, Daizhan},
  journal={Neural Networks, IEEE Transactions on},
  volume={20},
  number={3},
  pages={512--521},
  year={2009},
  publisher={IEEE}
}

@article{kingman1978simple,
  title={A simple model for the balance between selection and mutation},
  author={Kingman, JFC},
  journal={Journal of Applied Probability},
  pages={1--12},
  month={Mar},
  volume={15},
  number={1},
  year={1978},
  publisher={JSTOR}
}

@article{welch2005nk,
  title={The $nk$ model and population genetics},
  author={Welch, John J and Waxman, David},
  journal={Journal of theoretical biology},
  volume={234},
  number={3},
  pages={329--340},
  year={2005},
  publisher={Elsevier}
}

@article{kauffman1969metabolic,
  title={Metabolic stability and epigenesis in randomly constructed genetic nets},
  author={Kauffman, Stuart A},
  journal={Journal of Theoretical Biology},
  volume={22},
  number={3},
  pages={437--467},
  year={1969},
  publisher={Elsevier}
}

@article{kauffman1987towards,
  title={Towards a general theory of adaptive walks on rugged landscapes},
  author={Kauffman, Stuart and Levin, Simon},
  journal={Journal of theoretical Biology},
  volume={128},
  number={1},
  pages={11--45},
  year={1987},
  publisher={Elsevier}
}

@article{levinthal1997adaptation,
  title={Adaptation on rugged landscapes},
  author={Levinthal, Daniel A},
  journal={Management science},
  volume={43},
  number={7},
  pages={934--950},
  year={1997},
  publisher={INFORMS}
}

@article{Smith2002,
 author = {Smith, Tom and Husbands, Phil and Layzell, Paul and O'Shea, Michael},
 title = {Fitness Landscapes and Evolvability},
 journal = {Evol. Comput.},
 issue_date = {Spring 2002},
 volume = {10},
 number = {1},
 month = mar,
 year = {2002},
 issn = {1063-6560},
 pages = {1--34},
 numpages = {34},
 url = {http://dx.doi.org/10.1162/106365602317301754},
 doi = {10.1162/106365602317301754},
 acmid = {638549},
 publisher = {MIT Press},
 address = {Cambridge, MA, USA},
 keywords = {NK system, evolutionary electronics, evolvability, fitness landscape, neutral evolution, search space},
} 

@article{cavalli1976evolution,
  title={Evolution of continuous variation: Direct approach through joint distribution of genotypes and phenotypes},
  author={Cavalli-Sforza, Luigi Luca and Feldman, Marcus W},
  journal={Proceedings of the National Academy of Sciences},
  volume={73},
  number={5},
  pages={1689--1692},
  year={1976},
  publisher={National Acad Sciences}
}

@article{altenberg1994evolution,
  title={The evolution of evolvability in genetic programming},
  author={Altenberg, Lee},
  journal={Advances in genetic programming},
  volume={3},
  pages={47--74},
  year={1994},
  publisher={Cambridge, MA}
}

@book{rothlauf2006locality,
  title={On the locality of grammatical evolution},
  author={Rothlauf, Franz and Oetzel, Marie},
  year={2006},
  publisher={Springer}
}

@article{wagner2007road,
  title={The road to modularity},
  author={Wagner, G{\"u}nter P and Pavlicev, Mihaela and Cheverud, James M},
  journal={Nature Reviews Genetics},
  volume={8},
  number={12},
  pages={921--931},
  year={2007},
  publisher={Nature Publishing Group}
}

@article{clune2013evolutionary,
  title={The evolutionary origins of modularity},
  author={Clune, Jeff and Mouret, Jean-Baptiste and Lipson, Hod},
  journal={Proceedings of the Royal Society b: Biological sciences},
  volume={280},
  number={1755},
  pages={20122863},
  year={2013},
  publisher={The Royal Society}
}

@article{kashtan2005spontaneous,
  title={Spontaneous evolution of modularity and network motifs},
  author={Kashtan, Nadav and Alon, Uri},
  journal={Proceedings of the National Academy of Sciences of the United States of America},
  volume={102},
  number={39},
  pages={13773--13778},
  year={2005},
  publisher={National Acad Sciences}
}

@article{benton2007did,
  title={How did life become so diverse? The dynamics of diversification according to the fossil record and molecular phylogenetics},
  author={Benton, Michael J and Emerson, Brent C},
  journal={Palaeontology},
  volume={50},
  number={1},
  pages={23--40},
  year={2007},
  publisher={Wiley Online Library}
}

@article{raskovich2003pivotal,
  title={Pivotal buyers and bargaining position},
  author={Raskovich, Alexander},
  journal={The Journal of Industrial Economics},
  volume={51},
  number={4},
  pages={405--426},
  year={2003},
  publisher={Wiley Online Library}
}

@article{gavrilets1997evolution,
  title={Evolution and speciation on holey adaptive landscapes},
  author={Gavrilets, Sergey},
  journal={Trends in ecology \& evolution},
  volume={12},
  number={8},
  pages={307--312},
  year={1997},
  publisher={Elsevier}
}

@article{kirsten2011evolution,
  title={Evolution of networks for body plan patterning; interplay of modularity, robustness and evolvability},
  author={Kirsten, H and Hogeweg, Paulien},
  journal={PLoS computational biology},
  volume={7},
  number={10},
  pages={e1002208},
  year={2011},
  publisher={Public Library of Science}
}

@incollection{hogeweg2012toward,
  title={Toward a theory of multilevel evolution: long-term information integration shapes the mutational landscape and enhances evolvability},
  author={Hogeweg, Paulien},
  booktitle={Evolutionary Systems Biology},
  pages={195--224},
  year={2012},
  publisher={Springer}
}

@book{miller2011cartesian,
  title={Cartesian genetic programming},
  author={Miller, Julian F},
  year={2011},
  publisher={Springer}
}

@inproceedings{miller1999empirical,
  title={An empirical study of the efficiency of learning boolean functions using a cartesian genetic programming approach},
  author={Miller, Julian F},
  booktitle={Proceedings of the Genetic and Evolutionary Computation Conference},
  volume={2},
  pages={1135--1142},
  year={1999}
}

@inproceedings{kovitz2015experiments,
  title={Experiments with cascading design},
  author={Kovitz, Ben},
  booktitle={Proceedings of the 13th European Conference on Artificial Life (ECAL 2015), Workshop EvoEvo},
  year={2015}
}

@article{colegrave2008experimental,
  title={Experimental evolution: experimental evolution and evolvability},
  author={Colegrave, N and Collins, Sin{\'e}d},
  journal={Heredity},
  volume={100},
  number={5},
  pages={464},
  year={2008},
  publisher={Nature Publishing Group}
}

@article{hansen2006evolution,
  title={Evolution of genetic architecture under directional selection},
  author={Hansen, Thomas F and {\'A}lvarez-Castro, Jos{\'e} M and Carter, Ashley JR and Hermisson, Johachim and Wagner, G{\"u}nter P},
  journal={Evolution},
  volume={60},
  number={8},
  pages={1523--1536},
  year={2006},
  publisher={Wiley Online Library}
}

@inproceedings{reisinger2005towards,
  title={Towards an empirical measure of evolvability},
  author={Reisinger, Joseph and Stanley, Kenneth O and Miikkulainen, Risto},
  booktitle={Proceedings of the 2005 workshops on Genetic and evolutionary computation},
  pages={257--264},
  year={2005},
  organization={ACM}
}
